<?xml version="1.0" encoding="UTF-8"?><collection xmlns="http://www.loc.gov/MARC21/slim"><record><leader>00498nam--2200181-i-4500</leader><controlfield tag="001">000021891</controlfield><controlfield tag="002">20161230</controlfield><controlfield tag="005">20161230201034</controlfield><controlfield tag="008">060222s1000------------r-----000-0-eng-d</controlfield><datafield ind1=" " ind2=" " tag="040"><subfield code="a">IFIN-HH</subfield></datafield><datafield ind1=" " ind2=" " tag="080"><subfield code="a">536.7</subfield></datafield><datafield ind1="1" ind2=" " tag="100"><subfield code="a">Jones, J.B</subfield></datafield><datafield ind1=" " ind2=" " tag="245"><subfield code="a">Engineering thermodynamics</subfield><subfield code="b">An introductory textbook</subfield><subfield code="c">J.b. jones; g.a. hawkins</subfield></datafield><datafield ind1=" " ind2=" " tag="260"><subfield code="a">New York</subfield><subfield code="b">John Wiley &amp; Sons, Inc</subfield><subfield code="c">1960</subfield></datafield><datafield ind1=" " ind2=" " tag="300"><subfield code="a">XVIII + 724 P</subfield></datafield><datafield ind1="1" ind2=" " tag="700"><subfield code="a">Hawkins, G.A</subfield></datafield><datafield ind1=" " ind2=" " tag="852"><subfield code="a">15989</subfield><subfield code="c">536.7</subfield></datafield><datafield ind1=" " ind2=" " tag="CAT"><subfield code="a">Sys</subfield><subfield code="c">20110513</subfield><subfield code="h">135704</subfield></datafield></record></collection>